% Encoding: UTF-8

@Article{Alterio1996,
  author    = {Alterio, Nic},
  title     = {Secondary poisoning of stoats (Mustela erminea), feral ferrets (Mustela furo), and feral house cats (Felis catus) by the anticoagulant poison, brodifacoum},
  journal   = {New Zealand Journal of Zoology},
  year      = {1996},
  volume    = {23},
  number    = {4},
  pages     = {331--338},
  publisher = {Taylor \& Francis},
}

@Article{Baudrot2018,
  author    = {Baudrot, Virgile and Fritsch, Cl{\'e}mentine and Perasso, Antoine and Banerjee, Malay and Raoul, Francis},
  title     = {Effects of contaminants and trophic cascade regulation on food chain stability: Application to cadmium soil pollution on small mammals--Raptor systems},
  journal   = {Ecological Modelling},
  year      = {2018},
  volume    = {382},
  pages     = {33--42},
  publisher = {Elsevier},
}

@Article{Baudrot2016,
  author    = {Baudrot, Virgile and Perasso, Antoine and Fritsch, Cl{\'e}mentine and Giraudoux, Patrick and Raoul, Francis},
  title     = {The adaptation of generalist predatorsâ€™ diet in a multi-prey context: insights from new functional responses},
  journal   = {Ecology},
  year      = {2016},
  volume    = {97},
  number    = {7},
  pages     = {1832--1841},
  publisher = {Wiley Online Library},
}

@Article{Berny2007,
  author    = {Berny, P},
  title     = {Pesticides and the intoxication of wild animals},
  journal   = {Journal of veterinary pharmacology and therapeutics},
  year      = {2007},
  volume    = {30},
  number    = {2},
  pages     = {93--100},
  publisher = {Wiley Online Library},
}

@Article{Coeurdassier2014,
  author    = {Coeurdassier, Michael and Riols, Romain and Decors, Anouk and Mionnet, Aymeric and David, Fabienne and Quintaine, Thomas and Truchetet, Denis and Scheifler, Renaud and Giraudoux, Patrick},
  title     = {Unintentional wildlife poisoning and proposals for sustainable management of rodents},
  journal   = {Conservation biology},
  year      = {2014},
  volume    = {28},
  number    = {2},
  pages     = {315--321},
  publisher = {Wiley Online Library},
}

@Book{Delattre2009,
  title     = {Le campagnol terrestre: pr{\'e}vention et contr{\^o}le des populations},
  publisher = {Editions Quae},
  year      = {2009},
  author    = {Delattre, Pierre and Giraudoux, Patrick},
}

@Article{Delibes-Mateos2011,
  author    = {Delibes-Mateos, Miguel and Smith, Andrew T and Slobodchikoff, Con N and Swenson, Jon E},
  title     = {The paradox of keystone species persecuted as pests: a call for the conservation of abundant small mammals in their native range},
  journal   = {Biological Conservation},
  year      = {2011},
  volume    = {144},
  number    = {5},
  pages     = {1335--1346},
  publisher = {Elsevier},
}

@Article{Giraudoux1997,
  author    = {Giraudoux, P and Delattre, P and Habert, M and Qu{\'e}r{\'e}, JP and Deblay, S and Defaut, R and Duhamel, R and Moissenet, MF and Salvi, D and Truchetet, D},
  title     = {Population dynamics of fossorial water vole (Arvicola terrestris scherman): a land use and landscape perspective},
  journal   = {Agriculture, Ecosystems \& Environment},
  year      = {1997},
  volume    = {66},
  number    = {1},
  pages     = {47--60},
  publisher = {Elsevier},
}

@Article{Halstead2014,
  author    = {Halstead, Neal T and McMahon, Taegan A and Johnson, Steve A and Raffel, Thomas R and Romansic, John M and Crumrine, Patrick W and Rohr, Jason R},
  title     = {Community ecology theory predicts the effects of agrochemical mixtures on aquatic biodiversity and ecosystem properties},
  journal   = {Ecology letters},
  year      = {2014},
  volume    = {17},
  number    = {8},
  pages     = {932--941},
  publisher = {Wiley Online Library},
}

@Article{Hanski1991,
  author    = {Hanski, Ilkka and Hansson, Lennart and Henttonen, Heikki},
  title     = {Specialist predators, generalist predators, and the microtine rodent cycle},
  journal   = {The Journal of Animal Ecology},
  year      = {1991},
  pages     = {353--367},
  publisher = {JSTOR},
}

@Article{Hanski1996,
  author    = {Hanski, Ilkka and Henttonen, Heikki},
  title     = {Predation on competing rodent species: a simple explanation of complex patterns},
  journal   = {Journal of Animal Ecology},
  year      = {1996},
  pages     = {220--232},
  publisher = {JSTOR},
}

@Article{Jacquot2013,
  author    = {Jacquot, Marion and Coeurdassier, Micha{\"e}l and Couval, Geoffroy and Renaude, R{\'e}gis and Pleydell, David and Truchetet, Denis and Raoul, Francis and Giraudoux, Patrick},
  title     = {Using long-term monitoring of red fox populations to assess changes in rodent control practices},
  journal   = {Journal of Applied Ecology},
  year      = {2013},
  volume    = {50},
  number    = {6},
  pages     = {1406--1414},
  publisher = {Wiley Online Library},
}

@Article{Hanski2001,
  author    = {Hanski, Ilkka and Henttonen, Heikki and Korpim{\"a}ki, Erkki and Oksanen, Lauri and Turchin, Peter},
  title     = {Small-rodent dynamics and predation},
  journal   = {Ecology},
  year      = {2001},
  volume    = {82},
  number    = {6},
  pages     = {1505--1520},
  publisher = {Wiley Online Library},
}

@Article{Hanski2001a,
  author    = {Hanski, Ilkka and Henttonen, Heikki and Korpim{\"a}ki, Erkki and Oksanen, Lauri and Turchin, Peter},
  title     = {Small-rodent dynamics and predation},
  journal   = {Ecology},
  year      = {2001},
  volume    = {82},
  number    = {6},
  pages     = {1505--1520},
  publisher = {Wiley Online Library},
}

@Book{King2006,
  title     = {The natural history of weasels and stoats: ecology, behavior, and management},
  publisher = {Oxford University Press},
  year      = {2006},
  author    = {King, Carolyn M and Powell, Roger A},
}

@Article{Korpimaki1991,
  author    = {Korpimaki, Erkki and Norrdahl, Kai},
  title     = {Numerical and functional responses of kestrels, short-eared owls, and long-eared owls to vole densities},
  journal   = {Ecology},
  year      = {1991},
  volume    = {72},
  number    = {3},
  pages     = {814--826},
  publisher = {Wiley Online Library},
}

@Book{Krebs2013,
  title     = {Population fluctuations in rodents},
  publisher = {University of Chicago Press},
  year      = {2013},
  author    = {Krebs, Charles J},
}

@InCollection{Lambin2018,
  author    = {Lambin, Xavier},
  title     = {The population dynamics of bite-sized predators: Prey dependence, territoriality, and mobility},
  booktitle = {Biology and Conservation of Musteloids},
  publisher = {Oxford University Press (OUP)},
  year      = {2018},
  pages     = {129--148},
}

@Article{Matchett2010,
  author    = {Matchett, Marc R and Biggins, Dean E and Carlson, Valerie and Powell, Bradford and Rocke, Tonie},
  title     = {Enzootic plague reduces black-footed ferret (Mustela nigripes) survival in Montana},
  journal   = {Vector-Borne and Zoonotic Diseases},
  year      = {2010},
  volume    = {10},
  number    = {1},
  pages     = {27--35},
  publisher = {Mary Ann Liebert, Inc. 140 Huguenot Street, 3rd Floor New Rochelle, NY 10801 USA},
}

@Article{McDonald1998,
  author    = {McDonald, RA and Harris, S and Turnbull, G and Brown, P and Fletcher, M},
  title     = {Anticoagulant rodenticides in stoats (Mustela erminea) and weasels (Mustela nivalis) in England},
  journal   = {Environmental Pollution},
  year      = {1998},
  volume    = {103},
  number    = {1},
  pages     = {17--23},
  publisher = {Elsevier},
}

@Article{Michalko2017,
  author    = {Michalko, Radek and Pek{\'a}r, Stano},
  title     = {The behavioral type of a top predator drives the short-term dynamic of intraguild predation},
  journal   = {The American Naturalist},
  year      = {2017},
  volume    = {189},
  number    = {3},
  pages     = {242--253},
  publisher = {University of Chicago Press Chicago, IL},
}

@Article{Olea2009,
  author    = {Olea, Pedro P and S{\'a}nchez-Barbudo, In{\'e}s S and Vi{\~n}uela, Javier and Barja, Isabel and Mateo-Tom{\'a}s, Patricia and Pineiro, ANA and Mateo, Rafael and Purroy, Francisco J},
  title     = {Lack of scientific evidence and precautionary principle in massive release of rodenticides threatens biodiversity: old lessons need new reflections},
  journal   = {Environmental Conservation},
  year      = {2009},
  volume    = {36},
  number    = {1},
  pages     = {1--4},
  publisher = {Cambridge University Press},
}

@Article{Ruette2003,
  author    = {Ruette, Sandrine and Stahl, Philippe and Albaret, Michel},
  title     = {Applying distance-sampling methods to spotlight counts of red foxes},
  journal   = {Journal of Applied Ecology},
  year      = {2003},
  volume    = {40},
  number    = {1},
  pages     = {32--43},
  publisher = {Wiley Online Library},
}

@Article{Philippe2003,
  author    = {Philippe, Ruette and Michel, Stahl and others},
  title     = {Applying distance-sampling methods to spotlight counts of red foxes},
  journal   = {Journal of applied ecology},
  year      = {2003},
  publisher = {Blackwell Science Ltd},
}

@Article{Sage2008,
  author    = {Sage, Micka{\"e}l and C{\oe}urdassier, Micha{\"e}l and Defaut, R{\'e}gis and Gimbert, Fr{\'e}d{\'e}ric and Berny, Philippe and Giraudoux, Patrick},
  title     = {Kinetics of bromadiolone in rodent populations and implications for predators after field control of the water vole, Arvicola terrestris},
  journal   = {Science of the total environment},
  year      = {2008},
  volume    = {407},
  number    = {1},
  pages     = {211--222},
  publisher = {Elsevier},
}

@Article{Sage2010,
  author    = {Sage, Micka{\"e}l and Fourel, Isabelle and C{\oe}urdassier, Micha{\"e}l and Barrat, Jacques and Berny, Philippe and Giraudoux, Patrick},
  title     = {Determination of bromadiolone residues in fox faeces by {LC/ESI-MS} in relationship with toxicological data and clinical signs after repeated exposure},
  journal   = {Environmental research},
  year      = {2010},
  volume    = {110},
  number    = {7},
  pages     = {664--674},
  file      = {:/home/vbaudrot/Documents/BIBLIOGRAPHY/Sage_2010.pdf:PDF},
  publisher = {Elsevier},
}

@Article{Sanchez-Barbudo2012,
  author        = {S{\'a}nchez-Barbudo, In{\'e}s S and Camarero, Pablo R and Mateo, Rafael},
  title         = {Primary and secondary poisoning by anticoagulant rodenticides of non-target animals in Spain},
  journal       = {Science of the Total Environment},
  year          = {2012},
  volume        = {420},
  pages         = {280--288},
  __markedentry = {[vbaudrot:]},
  publisher     = {Elsevier},
}

@Article{Stenseth2003,
  author        = {Stenseth, Nils Chr and Leirs, Herwig and Skonhoft, Anders and Davis, Stephen A and Pech, Roger P and Andreassen, Harry P and Singleton, Grant R and Lima, Mauricio and Machang'u, Robert S and Makundi, Rhodes H and others},
  title         = {Mice, rats, and people: the bio-economics of agricultural rodent pests},
  journal       = {Frontiers in Ecology and the Environment},
  year          = {2003},
  volume        = {1},
  number        = {7},
  pages         = {367--375},
  __markedentry = {[vbaudrot:6]},
  publisher     = {Wiley Online Library},
}

@Article{Tilman2002,
  author    = {Tilman, David and Cassman, Kenneth G and Matson, Pamela A and Naylor, Rosamond and Polasky, Stephen},
  title     = {Agricultural sustainability and intensive production practices},
  journal   = {Nature},
  year      = {2002},
  volume    = {418},
  number    = {6898},
  pages     = {671},
  publisher = {Nature Publishing Group},
}

@Article{Turchin1997,
  author    = {Turchin, Peter and Hanski, Ilkka},
  title     = {An empirically based model for latitudinal gradient in vole population dynamics},
  journal   = {The American Naturalist},
  year      = {1997},
  volume    = {149},
  number    = {5},
  pages     = {842--874},
  publisher = {The University of Chicago Press},
}

@Article{Weber2002,
  author    = {Weber, J-M and Aubry, S and Ferrari, N and Fischer, C and Feller, N Lachat and Meia, J-S and Meyer, S},
  title     = {Population changes of different predators during a water vole cycle in a central European mountainous habitat},
  journal   = {Ecography},
  year      = {2002},
  volume    = {25},
  number    = {1},
  pages     = {95--101},
  publisher = {Wiley Online Library},
}

@Article{Soetaert2010,
  author   = {Karline Soetaert and Thomas Petzoldt and R. Woodrow Setzer},
  title    = {Solving Differential Equations in R: Package deSolve},
  journal  = {Journal of Statistical Software},
  year     = {2010},
  volume   = {33},
  number   = {9},
  pages    = {1--25},
  issn     = {1548-7660},
  coden    = {JSSOBK},
  doi      = {10.18637/jss.v033.i09},
  keywords = {ordinary differential equations, partial differential equations, differential algebraic equations, initial value problems, R, FORTRAN, C},
  url      = {http://www.jstatsoft.org/v33/i09},
}

@Article{Saltelli2019,
  author    = {Saltelli, Andrea and Aleksankina, Ksenia and Becker, William and Fennell, Pamela and Ferretti, Federico and Holst, Niels and Li, Sushan and Wu, Qiongli},
  title     = {Why so many published sensitivity analyses are false: A systematic review of sensitivity analysis practices},
  journal   = {Environmental Modelling \& Software},
  year      = {2019},
  file      = {:/home/vbaudrot/Documents/BIBLIOGRAPHY/saltelli et al 2019.pdf:PDF},
  publisher = {Elsevier},
}

@Article{Sobol1993,
  author  = {Sobol, IM and Saltelli, A},
  title   = {Sensitivity analysis for non-linear mathematical models},
  journal = {Mathematical Modeling \& Computational Experiment (English Translation)},
  year    = {1993},
  volume  = {1},
  number  = {4},
  pages   = {407--414},
}

@Article{Sousa2010,
  author    = {Sousa, T{\^a}nia and Domingos, Tiago and Poggiale, J-C and Kooijman, SALM},
  title     = {Dynamic energy budget theory restores coherence in biology},
  journal   = {Philosophical Transactions of the Royal Society B: Biological Sciences},
  year      = {2010},
  volume    = {365},
  number    = {1557},
  pages     = {3413--3428},
  file      = {:Sousa2010.pdf:PDF},
  publisher = {The Royal Society},
}

@Article{Ginzburg1992,
  author    = {Ginzburg, Lev R},
  title     = {Evolutionary consequences of basic growth equations},
  journal   = {Trends in ecology \& evolution},
  year      = {1992},
  volume    = {7},
  number    = {4},
  pages     = {133},
  publisher = {Elsevier Current Trends},
}

@Article{Olson1992,
  author    = {Olson, Mark H},
  title     = {Intuition and the logistic equation},
  journal   = {Trends in ecology \& evolution},
  year      = {1992},
  volume    = {7},
  number    = {9},
  pages     = {314},
  publisher = {Elsevier Current Trends},
}

@Article{Berryman1992,
  author    = {Berryman, Alan A},
  title     = {Intuition and the logistic equation},
  journal   = {Trends in ecology \& evolution},
  year      = {1992},
  volume    = {7},
  number    = {9},
  pages     = {316},
  publisher = {Elsevier Current Trends},
}

@Article{Watkinson1992,
  author    = {Watkinson, Andrew},
  title     = {Intuition and the logistic equation},
  journal   = {Trends in ecology \& evolution},
  year      = {1992},
  volume    = {7},
  number    = {9},
  pages     = {316},
  publisher = {Elsevier Current Trends},
}

@Article{Mackenzie1992,
  author    = {Mackenzie, Aulay},
  title     = {Intuition and the logistic equation},
  journal   = {Trends in ecology \& evolution},
  year      = {1992},
  volume    = {7},
  number    = {9},
  pages     = {316},
  publisher = {Elsevier Current Trends},
}

@Article{Gabriel2005,
  author   = {Jean-Pierre Gabriel and Francis Saucy and Louis-FÃƒÂ©lix Bersier},
  title    = {Paradoxes in the logistic equation?},
  journal  = {Ecological Modelling},
  year     = {2005},
  volume   = {185},
  number   = {1},
  pages    = {147 - 151},
  issn     = {0304-3800},
  doi      = {http://dx.doi.org/10.1016/j.ecolmodel.2004.10.009},
  file     = {:Gabriel2005.pdf:PDF},
  keywords = {Logistic model},
  url      = {http://www.sciencedirect.com/science/article/pii/S030438000400554X},
}

@Article{Loos2010,
  author    = {Loos, Mark and Ragas, Ad MJ and Plasmeijer, Rinus and Schipper, Aafke M and Hendriks, A Jan},
  title     = {Eco-SpaCE: an object-oriented, spatially explicit model to assess the risk of multiple environmental stressors on terrestrial vertebrate populations},
  journal   = {Science of the Total Environment},
  year      = {2010},
  volume    = {408},
  number    = {18},
  pages     = {3908--3917},
  file      = {:Loos2010.pdf:PDF;:Loos2010_Eco-Sapce_SUP-MAT.pdf:PDF},
  publisher = {Elsevier},
}

@Article{Huang2015EcoTox,
  author    = {Huang, Qihua and Wang, Hao and Lewis, Mark A},
  title     = {The impact of environmental toxins on predator-prey dynamics},
  journal   = {Journal of Theoretical Biology},
  year      = {2015},
  volume    = {378},
  pages     = {12--30},
  file      = {:HuangJTB_Toxicity.pdf:PDF},
  publisher = {Elsevier},
}

@Article{Pinot2016,
  author    = {Pinot, Adrien and Barraquand, Fr{\'e}d{\'e}ric and Tedesco, Edoardo and Lecoustre, Vincent and Bretagnolle, Vincent and Gauffre, Bertrand},
  title     = {Density-dependent reproduction causes winter crashes in a common vole population},
  journal   = {Population Ecology},
  year      = {2016},
  volume    = {58},
  number    = {3},
  pages     = {395--405},
  publisher = {Springer},
}

@Article{Grolleau1989,
  author    = {Grolleau, G and Lorgue, G and Nahas, K},
  title     = {Toxicit{\'e} secondaire, en laboratoire, d'un rodenticide anticoagulant (bromadiolone) pour des pr{\'e}dateurs de rongeurs champ{\^e}tres: buse variable (\emph{Buteo buteo}) et hermine (\emph{Mustela erminea})},
  journal   = {EPPO Bulletin},
  year      = {1989},
  volume    = {19},
  number    = {4},
  pages     = {633--648},
  file      = {:GROLLEAU_et_al-1989-EPPO_Bulletin.pdf:PDF},
  publisher = {Wiley Online Library},
}

@Comment{jabref-meta: databaseType:bibtex;}
